% This file was created with JabRef 2.10.
% Encoding: GBK


@Electronic{hand-pcb,
  Title                    = {MAESTRO PS-1B TEARDOWN},
  Url                      = {http://grantmuller.com/maestro-ps-1b-teardown/},

  Owner                    = {Xiaoguang},
  Timestamp                = {2015.08.10}
}

@Online{kicad,
  Title                    = {KiCad EDA Software Suite},
  Url                      = {http://www.kicad-pcb.org/},
  Owner                    = {Xiaoguang},
  Timestamp                = {2015.08.10}
}

@comment{jabref-entrytype: Online: req[title;url] opt[]}

