% This file was created with JabRef 2.10.
% Encoding: GBK


@Online{dice,
  Title                    = {Electronic dice w/ tilt sensor, 7 segment display and Arduino},
  Url                      = {http://www.princetronics.com/electronic-dice/},
  Owner                    = {Xiaoguang},
  Timestamp                = {2015.08.11}
}

@Electronic{hand-pcb,
  Title                    = {MAESTRO PS-1B TEARDOWN},
  Url                      = {http://grantmuller.com/maestro-ps-1b-teardown/},

  Owner                    = {Xiaoguang},
  Timestamp                = {2015.08.10}
}

@Online{kicad,
  Title                    = {KiCad EDA Software Suite},
  Url                      = {http://www.kicad-pcb.org/},
  Owner                    = {Xiaoguang},
  Timestamp                = {2015.08.10}
}

@comment{jabref-entrytype: Online: req[title;url] opt[]}

